@misc{anarchismamerica,
	title = {Anarchism in America},
	year = {2005},
	organization = {AK},
	howpublished = {DVD},
	note = {Direção: Steven Fischler e Joel Sucher. Intérpretes: Murray Bookchin, Paul Avrich, Jello Biafra, Mollie Steimer, Mildred Loomis, Karl Hess, et al. Pacific Street 1983},
	addendum = {Um documentário expressivo que fornece uma visão geral dos pensadores e ativistas anarquistas americanos que representam diversas escolas e contextos desde o século XIX até o presente.},
}


@online{anarchistfaq,
	title = {An Anarchist FAQ},
	organization = {InfoShop.org},
	month = {01},
	year = {2010},
	url = {http://www.infoshop.org/page/AnAnarchistFAQ},
	urldate = {2010-06-02},
	note = {Por Iain McKay et tal},
	addendum = {Uma influente exposição do anarquismo, apresentando contribuições de anarquistas com uma variedade de pontos de vista diferentes, discussões de argumentos a favor e contra o anarquismo e análises de diversas escolas de pensamento anarquista.},
}

@online{antiwar,
	title = {AntiWar.com},
	organization = {Randolph Bourne Institute n.d.},
	url = {http://antiwar.com},
	urldate = {2011-01-27},
	addendum = {Uma das principais fontes de notícias e comentários designados a desafiar o militarismo, o imperialismo e o estado de segurança nacional, operado por uma organização sem fins lucrativos com o nome do crítico social que disse a famosa frase: ``A guerra é o alimento do estado.'' É de orientação ideológica mista, mas uma boa quantidade de pessoas associadas a ela são anarquistas -- o que não é de surpreender, já que a oposição à violência de guerra estatista é um compromisso anarquista fundamental.},
}


@book{avrich2005,
	author = {Avrich, Paul},
	title = {Anarchist Voices: An Oral History of Anarchism in America},
	year = {2005},
	publisher = {AK},
	address = {Oakland, CA},
	addendum = {Preciosos materiais relacionados à tradição anarquista nos Estados Unidos.},
}

@book{bakunin1970,
	author = {Bakunin, Mikhail Aleksandrovich},
	title = {God and the State},
	year = {1970},
	publisher = {Dover},
	address = {Mineola, NY},
}

@book{bakunin1990,
	author = {Bakunin, Mikhail Aleksandrovich},
	title = {Statism and Anarchy},
	editor = {Marshall Shatz},
	year = {1990},
	publisher = {CUP},
	address = {Cambridge},
	addendum = {Escritos anarquistas de um russo intenso, competidor de Karl Marx, que via a religião e o estatismo como igualmente ilusórios e acreditava que as ideias de Marx poderiam ser usadas para justificar a ditadura.},
}

@book{barnett2000,
	author = {Barnett, Randy E.},
	title = {The Structure of Liberty: Justice and the Rule of Law},
	year = {2000},
	publisher = {OUP},
	address = {New York},
	addendum = {O ilustre livro de Barnett fornece uma distintiva fundamentação da lei natural para a ordem jurídica de uma sociedade sem estado e explica como tal ordem pode funcionar.},
}

@book{berkman2003,
	author = {Berkman, Alexander},
	title = {What Is Anarchism},
	year = {2003},
	publisher = {AK},
	address = {Oakland, CA},
	addendum = {Uma exposição simples e clara do que o autor rotulou como ``anarquismo comunista'', por um amigo de longa data e em certo ponto amante de Emma Goldman.},
}

@book{bookchin2004,
	author = {Bookchin, Murray},
	title = {Post-Scarcity Anarchism},
	year = {2004},
	publisher = {AK},
	address = {Stirling},
	note = {3ª edição},
	addendum = {Uma série clássica de artigos do principal pensador social anarquista da América pós-Segunda Guerra.},
}

@online{caplanfaq,
	author = {Caplan, Bryan},
	title = {Anarchist Theory FAQ: Or, Instead of a FAQ, by a Man Too Busy to Write One},
	url = {http://econfaculty.gmu.edu/bcaplan/anarfaq.htm},
	urldate = {2010-07-02},
	note = {Versão 5.2},
	addendum = {Uma visão geral clara e abrangente de questões relacionadas ao anarquismo por um economista acadêmico que também escreve sobre filosofia e política.},
}

@article{carsonfreeman-1,
	author = {Carson, Kevin A.},
	title = {The Distorting Effects of Transportation Subsidies},
	journaltitle = {The Freeman: Ideas on Liberty},
	year = {2010},
	month = {11},
	volume = {60},
	number = {9},
	pages = {17-20},
	url = {http://www.thefreemanonline.org/featured/the-distorting-effects-of-transportation-subsidies},
}

@article{carsonfreeman-2,
	author = {Carson, Kevin A.},
	title = {Health Care and Radical Monopoly},
	journaltitle = {The Freeman: Ideas on Liberty},
	month = {3},
	year = {2010},
	volume = {60},
	number = {2},
	pages = {8-11},
	url = {http://www.thefreemanonline.org/featured/healthcare-and-radical-monopoly},
}

@book{carson2010,
	author = {Carson, Kevin A.},
	title = {The Homebrew Industrial Revolution: A Low-Overhead Manifesto},
	year = {2010},
	publisher = {BookSurge},
	address = {Charleston, SC},
}

@book{carson2009,
	author = {Carson, Kevin A.},
	title = {Organization Theory: A Libertarian Perspective},
	year = {2009},
	publisher = {BookSurge},
	address = {Charleston, SC},
}

@book{carson2007,
	author = {Carson, Kevin A.},
	title = {Studies in Mutualist Political Economy},
	year = {2007},
	publisher = {BookSurge},
	address = {Charleston, SC},
	organization = {Mutualist.org},
	url = {http://www.mutualist.org/id47.html},
	urldate = {2010-07-02},
	addendum = {Carson é um brilhante e criativo sintetista e reinterprete da tradição anarquista, recorrendo tanto a clássicos do século XIX, como os escritos de Proudhon e Tucker, quanto a escritos mais recentes sobre história, economia e teoria política. Veja os materiais mutualistas em seu site -- \url{http://www.mutualist.org} -- e interaja com ele online em seu blog -- \url{http://www.mutualist.blogspot.com}.},
}

@online{c4ss,
	title = {Center for a Stateless Society},
	organization = {Molinari Institute n.d.},
	note = {Ed. por Brad Spangler},
	url = {http://c4ss.org/},
	urldate = {2010-06-02},
	addendum = {Artigos, comentários e outros materiais criticando o estado e seus aliados corporativos e imaginando alternativas sem estado. (Faço parte do conselho consultivo do \emph{Center}.)},
}

@book{chomsky2006,
	author = {Chomsky, Noam},
	title = {Chomsky on Anarchism},
	year = {2006},
	publisher = {AK},
	address = {Oakland},
	addendum = {Não apenas um linguista teórico de primeira linha e um articulado crítico de longa data da política externa do governo dos EUA, Chomsky também está entre os principais pensadores social anarquistas que escrevem nos tempos de hoje.},
}

@book{clark1989,
	author = {Clark, Stephen R. L.},
	title = {Civil Peace and Sacred Order},
	year = {1989},
	publisher = {Clarendon-OUP},
	address = {Oxford},
}

@incollection{clark1999-1,
	author = {Clark, Stephen R. L.},
	editor = {Clark, Stephen R. L.},
	title = {Slaves and Citizens},
	booktitle = {The Political Animal: Biology, Ethics, and Politics},
	year = {1999},
	publisher = {Routledge},
	address = {London},
}

@incollection{clark1999-2,
	author = {Clark, Stephen R. L.},
	editor = {Clark, Stephen R. L.},
	title = {Anarchists against the Revolution},
	booktitle = {The Political Animal: Biology, Ethics, and Politics},
	year = {1999},
	publisher = {Routledge},
	address = {London},
	addendum = {Clark apresenta uma versão atrativa do anarquismo para considerarmos e destaca semelhanças entre escolas anarquistas aparentemente divergentes. Embora, como ficará claro, eu me encontre politicamente à esquerda, seu ``anarco-conservadorismo'' tem se mostrado um valor permanente no meu próprio pensamento.},
}

@book{deleon1978,
	author = {DeLeon, David},
	title = {The American as Anarchist: Reflections on Indigenous Radicalism},
	year = {1978},
	publisher = {Johns Hopkins UP},
	address = {Baltimore, MD},
	addendum = {Uma análise histórica do anarquismo como reflexo de uma persistente tendência anti-autoritária no pensamento americano.},
}

@book{decleyre2004,
	author = {De Cleyre, Voltairine},
	title = {The Voltairine De Cleyre Reader},
	editor = {A. J. Brigati},
	year = {2004},
	publisher = {AK},
	address = {Oakland, CA},
	addendum = {Uma importante anarquista americana no final do século XIX e início do século XX, De Cleyre cunhou a expressão ``anarquismo sem adjetivos''.},
}

@book{ellul1988,
	author = {Ellul, Jacques},
	title = {Anarchy and Christianity},
	translator = {Geoffrey W. Bromiley},
	year = {1988},
	publisher = {Eerdmans},
	address = {Grand Rapids},
	addendum = {O importante e prolífico teórico social argumenta que o anarquismo não violento é uma expressão apropriada da fé cristã.},
}

@book{friedman1989,
	author = {Friedman, David D.},
	title = {The Machinery of Freedom: Guide to a Radical Capitalism},
	year = {1989},
	publisher = {IL: Open Court},
	address = {Chicago},
	url = {http://www.daviddfriedman.com/The_Machinery_of_Freedom_.pdf},
	urldate = {2010-07-01},
	addendum = {Uma exposição clara, bem humorada e criativa do argumento a favor de uma variante de anarquismo orientada ao mercado através de uma perspectiva econômica.},
}

@book{goldman1910,
	author = {Goldman, Emma},
	title = {Anarchism and Other Essays},
	year = {1910},
	publisher = {Mother Earth},
	address = {New York},
}

@book{goldman1931,
	author = {Goldman, Emma},
	title = {Living My Life},
	year = {1931},
	publisher = {Knopf},
	address = {New York},
	addendum = {Anarquista e feminista que uniu os movimentos anarquistas nos Estados Unidos e na Europa, Goldman disse a famosa frase: ``Eu quero liberdade, o direito à auto-expressão, o direito de todos a coisas belas e radiantes.''},
}

@book{goodway1989,
	editor = {Goodway, David},
	title = {For Anarchism: History, Theory, and Practice},
	year = {1989},
	publisher = {Routledge},
	address = {London},
	addendum = {Uma coletânea de artigos examinando os estágios iniciais do anarquismo do século XX e oferecendo perspectivas diversas sobre a teoria anarquista.},
}

@book{graeber2004,
	editor = {Graeber, David},
	title = {Fragments of an Anarchist Anthropology},
	year = {2004},
	publisher = {Prickly Paradigm},
	address = {Chicago},
	url = {http://www.prickly-paradigm.com/paradigm14.pdf},
	urldate = {2010-07-03},
	addendum = {Um compacto programa de desenvolvimento de uma teoria social anarquista, estabelecendo os fundamentos para as discussões sobre o estado, associações voluntárias e resistência, por um estudioso descrito por um ilustre colega como ``o melhor teórico antropológico da sua geração em todo o mundo''.},
}

@misc{anarchismdoc-1,
	editor = {Graham, Robert},
	title = {Anarchism: A Documentary History of Libertarian Ideas 1: From Anarchy to Anarchism (300CE to 1939)},
	year = {2004},
	organization = {Black Rose},
	address = {Montreal},	
}

@misc{anarchismdoc-2,
	editor = {Graham, Robert},
	title = {Anarchism: A Documentary History of Libertarian Ideas 2: The Emergence of the New Anarchism (1939-1977)},
	year = {2009},
	organization = {Black Rose},
	address = {Montreal},	
}

@misc{anarchismdoc-3,
	editor = {Graham, Robert},
	title = {Anarchism: A Documentary History of Libertarian Ideas 3: The New Anarchism (1974 to 2008)},
	year = {2010},
	organization = {Black Rose},
	address = {Montreal},
	addendum = {Uma vasta coletânea de materiais anarquista desde antes da Idade Média até o presente. As seleções são extraídas de diversas tradições intelectuais e culturais, muitas delas não ocidentais.},
}

@book{guerin1970,
	author = {Guérin, Daniel},
	title = {Anarchism: From Theory to Practice},
	translator = {Mary Klopper},
	year = {1970},
	publisher = {Monthly Review},
	address = {New York},
	note = {Anarchist Library 2009},
	url = {http://theanarchistlibrary.org/HTML/Daniel_Guerin__Anarchism__From_Theory_to_Practice.html},
	urldate = {2010-07-03},
	addendum = {Uma influente visão geral da história e teoria anarquista que também apresenta informações históricas sobre experimentos anarquistas do século XX.},
}

@book{hess1975,
	author = {Hess, Karl},
	title = {Dear America},
	year = {1975},
	publisher = {Morrow},
	address = {New York},
	addendum = {Um redator-de-discursos-do-Goldwater-convertido-a-\emph{New-Leftist} explica sua convicção de que o anarquismo expressa os ideais americanos da melhor forma.},
}

@book{higgs1982,
	author = {Higgs, Robert},
	title = {Crisis and Leviathan: Critical Episodes in the Growth of American Government},
	year = {1982},
	publisher = {OUP},
	address = {Oxford},
	addendum = {Um historiador econômico anarquista analisa cuidadosamente a ligação entre as crises econômicas, políticas e militares e o desenvolvimento cancerígeno do estado americano.},
}

@book{lawandanarchism,
	editor = {Thom Holterman and Henk van Maarseveen},
	title = {Law and Anarchism},
	year = {1984},
	publisher = {Black Rose},
	address = {Montreal},
	addendum = {Artigos sobre os problemas jurídicos de uma sociedade sem estado sob diversas perspectivas.},
}

@book{jasay1991,
	author = {Jasay, Anthony de},
	title = {Social Contract, Free Ride: A Study of the Public Goods Problem},
	year = {1991},
	publisher = {Clarendon-OUP},
	address = {Oxford},
	addendum = {Um economista e filósofo argumenta, com base na teoria da escolha racional, que a ordem social é possível sem o estado, mas que o surgimento do estado é um perigo persistente.},
}

@online{radgeek,
	author = {Johnson, Charles W.},
	title = {Rad Geek's People's Daily: Official State Media for a Secessionist Republic of One},
	year = {2010},
	url = {http://radgeek.com},
	urldate = {2010-07-02},
}

@article{johnson2007,
	author = {Johnson, Charles W.},
	title = {Scratching By: How Government Creates Poverty as We Know It},
	journaltitle = {The Freeman: Ideas on Liberty},
	month = {09},
	year = {2007},
	volume = {57},
	number = {10},
	pages = {12-13},
	url = {http://www.thefreemanonline.org/Featured/Scratching-By-How-Government-Creates-Poverty-as-We-KnowIt},
	urldate = {2010-07-02},
	addendum = {Analítico, ardente, implacável -- Johnson oferece uma mistura de argumento filosófico, comentário político e dizer verdades na sua cara. Especialmente competente nas diversas conexões entre a oposição ao estado e os desafios a vários tipos de subordinação não estatal culturalmente incorporadas, tanto violentas quanto não violentas.},
}

@misc{karlhess,
	title = {Karl Hess: Toward Liberty},
	year = {1980},
	organization = {Direct Cinema},
	note = {Direção: Roland Hallé e Peter W. Ladue},
	addendum = {Um retrato vencedor do Oscar do gentil, razoável pensador e ativista anarquista e defensor do empoderamento local.},
}

@book{kauffman2010,
	author = {Kauffman, Bill},
	title = {Bye Bye Miss American Empire: Neighborhood Patriots, Backcountry Rebels, and Their Underdog Crusades to Redraw America's Political Map},
	year = {2010},
	publisher = {Chelsea Green},
	address = {White River Junction, VT},
	addendum = {Um bem informado proponente do contra do ``\emph{anarquismo front-porch}'' escreve um poema de amor aos movimentos separatistas razoáveis, tanto os do passado quanto do presente.},
}

@book{kinsella2009,
	author = {Kinsella, N. Stephan},
	title = {Against Intellectual Property},
	year = {2009},
	publisher = {Mises},
	address = {Auburn, AL},
	addendum = {Um advogado e teórico jurídico anarquista oferece argumento sólido de que patentes, direitos autorais e outras formas de PI são criações injustas do estado.},
}

@book{kolko1963,
	author = {Kolko, Gabriel},
	title = {The Triumph of Conservatism: A Reinterpretation of American History, 1900-1916},
	year = {1963},
	publisher = {Free},
	address = {New York},
	addendum = {Apesar dele mesmo não ser anarquista, Kolko fornece muita munição para as críticas anarquistas ao estado nesse estudo de como as regulamentações da era progressista foram moldadas para servir aos interesses das grandes empresas.},
}

@book{kropotkin1894,
	author = {Kropotkin, Peter},
	title = {The Conquest of Bread},
	year = {1995},
	publisher = {Vanguard},
	address = {New York},
	organization = {Project Gutenberg n.d.},
	url = {http://www.gutenberg.org/etext/23428},
	urldate = {2010-07-02},
}

@book{kropotkin1914,
	author = {Kropotkin, Peter},
	title = {Mutual Aid. A Factor of Evolution},
	year = {1998},
	publisher = {Freedom},
	address = {London},
	organization = {Project Gutenberg n.d.},
	url = {http://www.Gutenberg.Org/etext/4341},
	urldate = {2010-07-02},
	addendum = {Biólogo, geógrafo e teórico social, Kropotkin articulou uma visão da anarquia enfatizando a cooperação e o enraizamento no mundo natural.},
}

@book{leeson2009,
	author = {Leeson, Peter T.},
	title = {The Invisible Hook: The Hidden Economics of Pirates},
	year = {2009},
	publisher = {Princeton UP},
	address = {Princeton},
	addendum = {Um divertido exame de algumas questões complexas relacionadas à interação social através das lentes fornecidas pelos piratas do século XVIII, que oferecem evidências talvez surpreendentes da possibilidade de cooperação sem o estado.},
}

@online{aaempire,
	author = {Long, Roderick T.},
	title = {Austro-Athenian Empire},
	year = {2010},
	url = {http://aaeblog.com},
	urldate = {2010-07-02},
	addendum = {Aqui e em seu site -- \url{http://praxeology.net} -- Long oferece uma prazerosa mistura de filosofia, política e extravagantes divagações culturais \emph{pop}. O trabalho filosófico completamente agradável de se ler inclui discussões sobre anarquismo, análise de classe, método econômico, feminismo e ética.},
}

@book{longtibor,
	author = {Long, Roderick T. and Machan, Tibor.},
	title = {Anarchism/Minarchism: Is a Government Part of a Free Country?},
	year = {2008},
	publisher = {Ashgate},
	address = {Farnham},
	addendum = {Argumentos atualizados de pessoas que acreditam que não deveria existir um estado e pessoas que acreditam que deveriam existir estados muito limitados.},
}

@book{martin1970,
	author = {Martin, James J.},
	title = {Men against the State: The Expositors of Individualist Anarchism in America, 1827-1908},
	year = {1970},
	publisher = {Myles},
	address = {Colorado Springs},
	url = {http://www.mises.org/books/Men_Against_the_State_Martin.pdf},
	addendum = {Um atraente retrato de muitos dos principais anarquistas do século XIX nos EUA, visto em relação a movimentos radicais contemporâneos.},
}

@book{meltzer2001,
	author = {Meltzer, Albert},
	title = {Anarchism: Arguments For and Against},
	year = {2001},
	publisher = {AK},
	address = {Oakland, CA},
	addendum = {Uma breve cartilha sobre ideias anarquistas projetadas para responder críticas marxistas. Desconsidera pensadores anarquistas incluindo Tolstói, Tucker e Proudhon.},
}

@book{murphy2002,
	author = {Murphy, Robert P.},
	title = {Chaos Theory: Two Essays on Market Anarchy},
	year = {2002},
	publisher = {RJ},
	organization = {Mises Institute n.d.},
	address = {New York},
	url = {http://www.mises.org/books/chaostheory.pdf},
	urldate = {2010-07-02},
	addendum = {Uma discussão útil sobre a gestão daqueles potencialmente violentos em uma sociedade sem estado. Murphy escreve em \url{http://consultingbyrpm.com/blog}.},
}

@book{nozick1974,
	author = {Nozick, Robert},
	title = {Anarchy, State, and Utopia},
	year = {1974},
	publisher = {Basic},
	address = {New York},
	addendum = {Apresenta um argumento pouco convincente mas influente de que um estado poderia emergir legitimamente em uma sociedade sem estado.},
}

@book{proudhon1923,
	author = {Proudhon, Pierre J.},
	title = {General Idea of the Revolution in the Nineteenth Century},
	translator = {John Beverly Robinson},
	year = {2004},
	publisher = {Dover},
	address = {Mineola, NY},
}

@book{proudhon1888,
	author = {Proudhon, Pierre J.},
	title = {System of Economical Contradictions; ou, The Philosophy of Misery},
	translator = {Benjamin R. Tucker},
	year = {1973},
	publisher = {Arno},
	address = {New York},
}

@book{proudhon1994,
	author = {Proudhon, Pierre J.},
	title = {What is Property},
	translator = {David R. Kelley and Bonnie G. Smith},
	year = {1994},
	publisher = {CUP},
	address = {Cambridge},
	addendum = {Provavelmente a primeira pessoa a usar a palavra ``anarquista'' para si mesmo, Proudhon competiu com Marx e desenvolveu uma abordagem distinta do anarquismo que ele rotulou de ``mutualismo''.},
}

@article{richman2011,
	author = {Richman, Sheldon},
	title = {Libertarian Left: Free-Market Anti-Capitalism, the Unknown Ideal},
	journaltitle = {The American Conservative},
	month = {03},
	year = {2011},
	volume = {10},
	number = {3},
	pages = {28-32},
	url = {http://www.amconmag.com/blog/libertarian-left},
	urldate = {2011-02-17},
	addendum = {Fornece uma visão geral de um movimento intelectual e político em desenvolvimento na esquerda política, habitado em grande parte por anarquistas, que curiosamente une algumas das tradicionais cisões ideológicas e estratégicas.},
}

@book{rocker2004,
	author = {Rocker, Rudolph},
	title = {Anarcho-Syndicalism: Theory and Practice},
	year = {2004},
	publisher = {AK},
	address = {Oakland, CA},
}

@book{rocker1949,
	author = {Rocker, Rudolph},
	title = {Pioneers of American Freedom: Origins of Liberal and Radical Thought in America},
	translator = {Arthur E. Briggs},
	year = {1949},
	publisher = {Rocker},
	address = {Los Angeles},
	addendum = {\emph{Anarcho-Syndicalism} é um clássico da estratégia, teoria e história anarquista que enfatiza o compromisso com a liberdade compartilhada por proponentes de diferentes tendências anarquistas. \emph{Pioneers} é um reconhecimento das tradições radicais americanas indígenas da perspectiva de um titã do anarquismo europeu.},
}

@article{rothbard1969,
	author = {Rothbard, Murray N.},
	title = {Confiscation and the Homestead Principle},
	journaltitle = {Libertarian Forum},
	month = {06},
	year = {1969},
	volume = {1},
	number = {6},
	pages = {3-4},
	organization = {Mises Institute n.d.},
	url = {http://mises.org/journals/lf/1969/1969_06_15.aspx},
	urldate = {2010-02-07},
}

@book{rothbard2003,
	author = {Rothbard, Murray N.},
	title = {The Ethics of Liberty},
	year = {2003},
	publisher = {New York UP},
	address = {New York},
	note = {2ª edição},
	url = {http://mises.org/rothbard/ethics/ethics.asp},
	urldate = {2010-07-02},
	addendum = {``Confiscation and the Homestead Principle'' elabora um provocativo modelo de redistribuição de riqueza sem o estado. \emph{The Ethics of Liberty} é uma exposição detalhada da base normativa da variante preferida do anarquismo de Rothbard.},
}

@book{ruwart2003,
	author = {Ruwart, Mary},
	title = {Healing Our World in an Age of Aggression},
	year = {2003},
	publisher = {New Sunstar},
	address = {Kalamazoo, MI},
	note = {3ª edição},
	addendum = {Uma discussão vívida e perspicaz dos métodos institucionais e pessoais de solução de problemas para além da ação do estado.},
}

@book{sartwell2008,
	author = {Sartwell, Crispin},
	title = {Against the State: An Introduction to Anarchist Political Theory},
	year = {2008},
	publisher = {SUNY},
	address = {Buffalo, NY},
	addendum = {Demonstra a incoerência dos argumentos tradicionais a favor da autoridade do estado.},
}

@book{scott2009,
	author = {Scott, James C.},
	title = {The Art of Not Being Governed: An Anarchist History of Upland Southeast Asia},
	year = {2009},
	publisher = {Yale UP},
	address = {New Haven, CT},
	addendum = {Um estudo da anarquia em ação em uma região que inclui territórios reivindicados por sete países diferentes no Sudeste Asiático -- um perspicaz estudo de caso histórico e contemporâneo.},
}

@book{shaffer1997,
	author = {Shaffer, Butler},
	title = {In Restraint of Trade: The Business Campaign against Competition, 1918-1938},
	year = {1997},
	publisher = {Bucknell UP},
	address = {Lewisburg, PA},
	addendum = {Um teórico legal anarquista explica como as grandes empresas fizeram uso do estado regulador ao seu favor em um período crucial da história americana.},
}

@book{skoble2008,
	author = {Skoble, Aeon J.},
	title = {Deleting the State: An Argument about Government},
	year = {2008},
	publisher = {Open Court},
	address = {Chicago},
	addendum = {Habilmente disseca argumentos a favor da necessidade e legitimidade do estado.},
}

@book{spooner1966,
	author = {Spooner, Lysander},
	title = {No Treason: The Constitution of No Authority; e, A Letter to Thomas F. Bayard. Larkspur},
	year = {1966},
	publisher = {Pine Tree},
	address = {CO},
	addendum = {Spooner se junta a Benjamin Tucker como um dos dois anarquistas individualistas americanos do século XIX que exerceram a mais contínua influência no pensamento anarquista tardio. Spooner era um ardente adversário da escravidão, bem como do estado monopolista, e um fornecedor malsucedido dos mesmos serviços do Serviço Postal dos Estados Unidos que foi efetivamente colocado para fora de jogo por ação do Congresso. Muitos dos escritos de Spooner estão disponíveis em formato eletrônico em \url{http://www.lysanderspooner.org}.},
}

@book{stringham2007,
	editor = {Stringham, Edward P.},
	title = {Anarchy and the Law: The Political Economy of Choice},
	year = {2007},
	publisher = {Transaction},
	address = {Edison, NJ},
}

@book{stringham2006,
	editor = {Stringham, Edward P.},
	title = {Anarchy, State, and Public Choice},
	year = {2006},
	publisher = {Elgar},	
	address = {Cheltenham},
	addendum = {\emph{Anarchy and the Law} é uma enorme coletânea de artigos históricos e contemporâneos acerca dos problemas morais e práticos levantados pelo anarquismo. \emph{Anarchy, State, and Public Choice} foca em argumentos econômicos a favor e contra a viabilidade do anarquismo.},
}

@book{tannehill,
	author = {Tannehill, Morris and Tannehill, Linda},
	title = {The Market for Liberty},
	year = {1993},
	publisher = {Fox},	
	address = {San Francisco, CA},
	note = {3ª edição},
	addendum = {Uma explicação detalhada de como os autores acreditam que a cooperação social poderia ser administrada sem o estado. Eles às vezes dizem algumas coisas bem bobas. Mas também exibem uma sensibilidade humana, \emph{hippie}, que eu confesso achar encantadora.},
}

@book{taylor1982,
	author = {Taylor, Michael},
	title = {Community, Anarchy, and Liberty},
	year = {1982},
	publisher = {CUP},	
	address = {Cambridge},
}

@book{taylor1987,
	author = {Taylor, Michael},
	title = {The Possibility of Cooperation},
	year = {1987},
	publisher = {CUP},	
	address = {Cambridge},
	addendum = {Modelagem de teoria dos jogos é cuidadosamente aplicada a problemas relacionados à justificação e operação de uma sociedade não coercitiva.},
}

@book{tolstoy1990,
	author = {Tolstoy, Leo},
	title = {Government is Violence: Essays on Anarchism and Pacifism},
	year = {1990},
	publisher = {Phoenix},	
	address = {New Haven, CT},
	addendum = {Reflexões sobre a violência e o estado, por um ardente adversário de ambos.},
}

@book{tucker1897,
	author = {Tucker, Benjamin},
	title = {Instead of a Book, by a Man Too Busy to Write One},
	year = {1897},
	publisher = {Tucker},	
	address = {New York},
	organization = {Fair-Use.org n.d.},
	url = {ttp://fair-use.org/benjamintucker/instead-of-a-book/},
	urldate = {2010-07-02},
	addendum = {Uma coletânea de vívidos artigos polêmicos pelo decano dos anarquistas individualistas americanos do século XIX. Inclui a afirmação programática ainda amplamente discutida, ``State Socialism and Anarchism''.},
}

@book{ward2004,
	author = {Ward, Colin},
	title = {Anarchism: A Very Short Introduction},
	year = {2004},
	publisher = {OUP},	
	address = {New York},
}

@book{ward1982,
	author = {Ward, Colin},
	title = {Anarchy in Action},
	year = {1982},
	publisher = {Freedom},	
	address = {London},
	addendum = {História, teoria e prática anarquista da perspectiva do decano do anarquismo inglês pós-Segunda Guerra -- bem-humorado, humano e sempre completamente prático.},
}

@book{wardgoodway,
	author = {Ward, Colin, and Goodway, David},
	title = {Talking Anarchy},
	year = {2004},
	publisher = {Five Leaves},	
	address = {Nottingham},
	addendum = {Uma extensa conversa entre o ícone anarquista Ward e o historiador Goodway que se centra em uma ampla gama de ativistas, ideias e prospectos anarquistas.},
}

@online{wilburlib,
	author = {Wilbur, Shawn P.},
	title = {The Libertarian Labyrinth: Mutualist Anarchism and Its Context},
	url = {http://libertarian-labyrinth.org/},
}

@online{wilbur2010,
	author = {Wilbur, Shawn P.},
	title = {Two-Gun Mutualism and the Golden Rule},
	year = {2010},
	url = {http://libertarianlabyrinth.blogspot.com/},
	urldate = {2010-07-02},
	addendum = {Wilbur oferece uma teoria social e comentário anarquista bem informado e perspicaz, além de uma ampla gama de textos históricos -- os obscuros assim como os relativamente bem conhecidos -- por anarquistas americanos e europeus (estes últimos algumas vezes disponíveis traduzidos pela primeira vez).},
}